
% note that the "DOI" tag doesn't work correctly; use "URL"

@article{Einstein1905,
    author =       "Albert Einstein",
    title =        "{Zur Elektrodynamik bewegter K{\"o}rper}. ({German})
        [{On} the electrodynamics of moving bodies]",
    journal =      "Annalen der Physik",
    volume =       "322",
    number =       "10",
    pages =        "891--921",
    year =         "1905",
    URL =          "http://dx.doi.org/10.1002/andp.19053221004"
}

@book{Goossens1993,
    author    = "Michel Goossens and Frank Mittelbach and Alexander Samarin",
    title     = "The \LaTeX\ Companion",
    year      = "1993",
    publisher = "Addison-Wesley",
    address   = "Reading, Massachusetts"
}

@misc{Knuth1986,
    author    = "Donald Knuth",
    title     = "Knuth: Computers and Typesetting",
    year      = "1986"
}

@article{Chen2023,
    author =       "Chiu-Yueh Chen and Ga{\"e}lle Leys and Stefania Bracci and Op de Beeck, Hans",
    title =        "The representational dynamics of the animal appearance bias in human visual cortex are indicative of fast feedforward processing",
    journal =      "Imaging Neuroscience",
    volume =       "1",
    publisher = "MIT Press",
    year =         "2023",
    URL =          "https://doi.org/10.1162/imag_a_00006"
}

